<?xml version="1.0" encoding="UTF-8"?><collection xmlns="http://www.loc.gov/MARC21/slim"><record><leader>00391nam--2200121-i-4500</leader><controlfield tag="001">000013168</controlfield><controlfield tag="002">20161230</controlfield><controlfield tag="005">20161230201030</controlfield><controlfield tag="008">060222s1000------------r-----000-0-eng-d</controlfield><datafield ind1=" " ind2=" " tag="080"><subfield code="a">614.876:539.12.047(061.3)</subfield></datafield><datafield ind1=" " ind2=" " tag="245"><subfield code="a">Application of the dose limitation system for radiation protection. practical implications</subfield></datafield><datafield ind1=" " ind2=" " tag="260"><subfield code="a">Vienna, International Atomic Energy Agency, 1979 674 P</subfield></datafield><datafield ind1=" " ind2=" " tag="852"><subfield code="a">47388</subfield></datafield></record></collection>